<record><leader>00000cas a22000007a 4500</leader><controlfield tag="001">18808814</controlfield><controlfield tag="008">881129c19399999nduwr ne      0    0eng d</controlfield><datafield ind1=" " ind2=" " tag="010"><subfield code="a">sn 88076418 </subfield></datafield><datafield ind1=" " ind2=" " tag="040"><subfield code="a">NOP</subfield><subfield code="b">eng</subfield><subfield code="c">NOP</subfield><subfield code="d">OCLCQ</subfield></datafield><datafield ind1=" " ind2=" " tag="042"><subfield code="a">msc</subfield></datafield><datafield ind1="0" ind2=" " tag="130"><subfield code="a">Walsh County press (Park River, N.D. : 1939)</subfield></datafield><datafield ind1="1" ind2="0" tag="245"><subfield code="a">Walsh County press.</subfield></datafield><datafield ind1="1" ind2="3" tag="246"><subfield code="a">Park River press</subfield></datafield><datafield ind1=" " ind2=" " tag="260"><subfield code="a">Park River, Walsh County, N.D. :</subfield><subfield code="b">Harry O'Brien</subfield></datafield><datafield ind1=" " ind2=" " tag="300"><subfield code="a">v. :</subfield><subfield code="b">ill. ;</subfield><subfield code="c">56 cm.</subfield></datafield><datafield ind1=" " ind2=" " tag="310"><subfield code="a">Weekly</subfield></datafield><datafield ind1="0" ind2=" " tag="362"><subfield code="a">Vol. 55, no. 45 (Apr. 13, 1939)-</subfield></datafield><datafield ind1=" " ind2=" " tag="500"><subfield code="a">Special Walsh County fair and state potato show issue published Oct. 19, 1961 under title: Park River press.</subfield></datafield><datafield ind1=" " ind2=" " tag="530"><subfield code="a">Available on microfilm from the State Historical Society of North Dakota.</subfield></datafield><datafield ind1=" " ind2=" " tag="752"><subfield code="a">United States</subfield><subfield code="b">North Dakota</subfield><subfield code="c">Walsh</subfield><subfield code="d">Park River.</subfield></datafield><datafield ind1="0" ind2="0" tag="780"><subfield code="t">Walsh County press and Walsh County independent</subfield><subfield code="w">(DLC)sn 88076417</subfield></datafield></record>